@article{Reynolds1883,
	ISSN = {02610523},
	URL = {http://www.jstor.org/stable/109431},
	author = {Osborne Reynolds},
	journal = {Philosophical Transactions of the Royal Society of London},
	pages = {935--982},
	publisher = {The Royal Society},
	title = {An Experimental Investigation of the Circumstances Which Determine Whether the Motion of Water Shall Be Direct or Sinuous, and of the Law of Resistance in Parallel Channels},
	volume = {174},
	year = {1883}
}
@book{Wilcox,
author = {C Wilcox, David},
year = {2006},
month = {01},
pages = {},
title = {Turbulence Modeling for CFD (Third Edition) (Hardcover)}
}
@book{landau2013fluid,
  title={Fluid Mechanics},
  author={Landau, L.D. and Lifshitz, E.M.},
  number={v. 6},
  isbn={9781483140506},
  year={2013},
  publisher={Elsevier Science}
}


@inproceedings{Spalart,
  title={On the role and challenges of CFD in the aerospace industry},
  author={Philippe R. Spalart},
  year={2016}
}

@misc{Nasa,
  author = {Langley Research Center},
  title = {Turbulence Modeling Resource},
  howpublished = {\url{https://turbmodels.larc.nasa.gov}, Accessed: 05.01.2019}
}

@misc{blockMesh,
  author = {CFD Direct},
  title = {Mesh generation with the \texttt{blockMesh} utility},
  howpublished = {\url{https://cfd.direct/openfoam/user-guide/v6-blockmesh/}, Accessed: 05.01.2019}
}


@misc{controlDict,
  author = {CFD Direct},
  title = {Time and data input/output control},
  howpublished = {\url{https://cfd.direct/openfoam/user-guide/v6-controldict/}, Accessed: 05.01.2019}
}

@misc{fvSchemes,
  author = {CFD Direct},
  title = {Numerical schemes},
  howpublished = {\url{https://cfd.direct/openfoam/user-guide/v6-fvSchemes/#x20-1130159}, Accessed: 05.01.2019}
}

@misc{fvSolution,
  author = {CFD Direct},
  title = {Solution and algorithm control},
  howpublished = {\url{https://cfd.direct/openfoam/user-guide/v6-fvsolution/}, Accessed: 05.01.2019}
}


@misc{postProc,
  author = {CFD Direct},
  title = {Post-Processing CLI},
  howpublished = {\url{https://cfd.direct/openfoam/user-guide/v6-post-processing-cli/}, Accessed: 05.01.2019}
}

@misc{sampl,
  author = {CFD Direct},
  title = {Sampling Data},
  howpublished = {\url{https://www.openfoam.com/documentation/user-guide/userse21.php}, Accessed: 05.01.2019}
}

@misc{git,
  author = {Wojciech Sadowski},
  title = {Git respository with OpenFOAM case files},
  howpublished = {\url{https://github.com/szynka12/oFoamSVBC}, Accessed: 05.01.2019}
}

@misc{residuals,
  author = {wolle1982},
  title = {How to plot the residuals (and forces) graphically on screen on-the-fly},
  howpublished = {\url{https://www.cfd-online.com/Forums/openfoam-community-contributions/64146-tutorial-how-plot-residuals.html}, Accessed: 05.01.2019}
}
